<record><leader>00000cas a22000007a 4500</leader><controlfield tag="001">11480826</controlfield><controlfield tag="008">841211d19711971nyudn ne      0    0eng d</controlfield><datafield ind1=" " ind2=" " tag="010"><subfield code="a">sn 84035920 </subfield></datafield><datafield ind1=" " ind2=" " tag="040"><subfield code="a">NYG</subfield><subfield code="b">eng</subfield><subfield code="c">NYG</subfield><subfield code="d">NYS</subfield><subfield code="d">OCLCQ</subfield></datafield><datafield ind1=" " ind2=" " tag="042"><subfield code="a">msc</subfield></datafield><datafield ind1="0" ind2="4" tag="245"><subfield code="a">The Post-star and the Glens Falls times.</subfield></datafield><datafield ind1="1" ind2="3" tag="246"><subfield code="a">Post star and times</subfield></datafield><datafield ind1=" " ind2=" " tag="260"><subfield code="a">Glens Falls, N.Y. :</subfield><subfield code="b">[Glens Falls Newspapers],</subfield><subfield code="c">1971-1974.</subfield></datafield><datafield ind1=" " ind2=" " tag="300"><subfield code="a">v. :</subfield><subfield code="b">ill.</subfield></datafield><datafield ind1=" " ind2=" " tag="310"><subfield code="a">Daily (except Sunday)</subfield></datafield><datafield ind1="0" ind2=" " tag="362"><subfield code="a">Vol. 67, no. 66 (Feb. 15, 1971)-v. 67, no. 77 (Feb. 27, 1971).</subfield></datafield><datafield ind1=" " ind2=" " tag="515"><subfield code="a">Continues numbering of Post-star.</subfield></datafield><datafield ind1=" " ind2="4" tag="651"><subfield code="a">Glens Falls (N.Y.)</subfield><subfield code="v">Newspapers.</subfield></datafield><datafield ind1=" " ind2=" " tag="752"><subfield code="a">United States</subfield><subfield code="b">New York</subfield><subfield code="c">Warren</subfield><subfield code="d">Glens Falls.</subfield></datafield><datafield ind1="0" ind2="4" tag="780"><subfield code="t">Post-star (Glens Falls, N.Y. : 1909)</subfield><subfield code="w">(DLC)sn 84031447</subfield></datafield><datafield ind1="0" ind2="4" tag="780"><subfield code="t">Glens Falls times (Glens Falls, N.Y. : 1922)</subfield><subfield code="w">(DLC)sn 84031319</subfield></datafield><datafield ind1="0" ind2="0" tag="785"><subfield code="t">Post-star and times</subfield><subfield code="w">(DLC)sn 88074000</subfield></datafield><datafield ind1="1" ind2=" " tag="029"><subfield code="a">AU@</subfield><subfield code="b">000020499710</subfield></datafield></record>